@Manual{R-base,
  title = {R: A Language and Environment for Statistical Computing},
  author = {{R Core Team}},
  organization = {R Foundation for Statistical Computing},
  address = {Vienna, Austria},
  year = {2021},
  url = {https://www.R-project.org/},
}
@Manual{R-devtools,
  title = {devtools: Tools to Make Developing R Packages Easier},
  author = {Hadley Wickham and Jim Hester and Winston Chang},
  year = {2021},
  note = {R package version 2.4.2},
  url = {https://CRAN.R-project.org/package=devtools},
}
@Manual{R-dplyr,
  title = {dplyr: A Grammar of Data Manipulation},
  author = {Hadley Wickham and Romain François and Lionel Henry and Kirill Müller},
  year = {2021},
  note = {R package version 1.0.7},
  url = {https://CRAN.R-project.org/package=dplyr},
}
@Manual{R-english,
  title = {english: Translate Integers into English},
  author = {John Fox and Bill Venables and Anthony Damico and Anne Pier Salverda},
  year = {2021},
  note = {R package version 1.2-6},
  url = {https://CRAN.R-project.org/package=english},
}
@Manual{R-forcats,
  title = {forcats: Tools for Working with Categorical Variables (Factors)},
  author = {Hadley Wickham},
  year = {2021},
  note = {R package version 0.5.1},
  url = {https://CRAN.R-project.org/package=forcats},
}
@Book{R-ggplot2,
  author = {Hadley Wickham},
  title = {ggplot2: Elegant Graphics for Data Analysis},
  publisher = {Springer-Verlag New York},
  year = {2016},
  isbn = {978-3-319-24277-4},
  url = {https://ggplot2.tidyverse.org},
}
@Manual{R-kableExtra,
  title = {kableExtra: Construct Complex Table with 'kable' and Pipe Syntax},
  author = {Hao Zhu},
  year = {2021},
  note = {R package version 1.3.4},
  url = {https://CRAN.R-project.org/package=kableExtra},
}
@Article{R-lavaan,
  title = {{lavaan}: An {R} Package for Structural Equation Modeling},
  author = {Yves Rosseel},
  journal = {Journal of Statistical Software},
  year = {2012},
  volume = {48},
  number = {2},
  pages = {1--36},
  url = {https://www.jstatsoft.org/v48/i02/},
}
@Manual{R-magrittr,
  title = {magrittr: A Forward-Pipe Operator for R},
  author = {Stefan Milton Bache and Hadley Wickham},
  year = {2020},
  note = {R package version 2.0.1},
  url = {https://CRAN.R-project.org/package=magrittr},
}
@Manual{R-papaja,
  author = {Frederik Aust and Marius Barth},
  title = {{papaja}: {Create} {APA} manuscripts with {R Markdown}},
  year = {2020},
  note = {R package version 0.1.0.9997},
  url = {https://github.com/crsh/papaja},
}
@Manual{R-purrr,
  title = {purrr: Functional Programming Tools},
  author = {Lionel Henry and Hadley Wickham},
  year = {2020},
  note = {R package version 0.3.4},
  url = {https://CRAN.R-project.org/package=purrr},
}
@Manual{R-readr,
  title = {readr: Read Rectangular Text Data},
  author = {Hadley Wickham and Jim Hester},
  year = {2021},
  note = {R package version 2.0.2},
  url = {https://CRAN.R-project.org/package=readr},
}
@Manual{R-semPlot,
  title = {semPlot: Path Diagrams and Visual Analysis of Various SEM Packages'
Output},
  author = {Sacha Epskamp},
  year = {2019},
  note = {R package version 1.1.2},
  url = {https://CRAN.R-project.org/package=semPlot},
}
@Manual{R-stringr,
  title = {stringr: Simple, Consistent Wrappers for Common String Operations},
  author = {Hadley Wickham},
  year = {2019},
  note = {R package version 1.4.0},
  url = {https://CRAN.R-project.org/package=stringr},
}
@Manual{R-td,
  title = {td: Functions For Everyday Use},
  author = {Tobias Dienlin},
  year = {2018},
  note = {R package version 0.0.1},
}
@Manual{R-tibble,
  title = {tibble: Simple Data Frames},
  author = {Kirill Müller and Hadley Wickham},
  year = {2021},
  note = {R package version 3.1.3},
  url = {https://CRAN.R-project.org/package=tibble},
}
@Manual{R-tidyr,
  title = {tidyr: Tidy Messy Data},
  author = {Hadley Wickham},
  year = {2021},
  note = {R package version 1.1.3},
  url = {https://CRAN.R-project.org/package=tidyr},
}
@Article{R-tidyverse,
  title = {Welcome to the {tidyverse}},
  author = {Hadley Wickham and Mara Averick and Jennifer Bryan and Winston Chang and Lucy D'Agostino McGowan and Romain François and Garrett Grolemund and Alex Hayes and Lionel Henry and Jim Hester and Max Kuhn and Thomas Lin Pedersen and Evan Miller and Stephan Milton Bache and Kirill Müller and Jeroen Ooms and David Robinson and Dana Paige Seidel and Vitalie Spinu and Kohske Takahashi and Davis Vaughan and Claus Wilke and Kara Woo and Hiroaki Yutani},
  year = {2019},
  journal = {Journal of Open Source Software},
  volume = {4},
  number = {43},
  pages = {1686},
  doi = {10.21105/joss.01686},
}
@Manual{R-usethis,
  title = {usethis: Automate Package and Project Setup},
  author = {Hadley Wickham and Jennifer Bryan},
  year = {2021},
  note = {R package version 2.0.1},
  url = {https://CRAN.R-project.org/package=usethis},
}
@Manual{R-corrplot2021,
  title = {R package 'corrplot': Visualization of a Correlation Matrix},
  author = {Taiyun Wei and Viliam Simko},
  year = {2021},
  note = {(Version 0.90)},
  url = {https://github.com/taiyun/corrplot},
}
@Manual{R-GGally,
  title = {GGally: Extension to 'ggplot2'},
  author = {Barret Schloerke and Di Cook and Joseph Larmarange and Francois Briatte and Moritz Marbach and Edwin Thoen and Amos Elberg and Jason Crowley},
  year = {2021},
  note = {R package version 2.1.2},
  url = {https://CRAN.R-project.org/package=GGally},
}
@Manual{R-gridExtra,
  title = {gridExtra: Miscellaneous Functions for "Grid" Graphics},
  author = {Baptiste Auguie},
  year = {2017},
  note = {R package version 2.3},
  url = {https://CRAN.R-project.org/package=gridExtra},
}
@Manual{R-haven,
  title = {haven: Import and Export 'SPSS', 'Stata' and 'SAS' Files},
  author = {Hadley Wickham and Evan Miller},
  year = {2021},
  note = {R package version 2.4.3},
  url = {https://CRAN.R-project.org/package=haven},
}
@Book{R-knitr,
  title = {Dynamic Documents with {R} and knitr},
  author = {Yihui Xie},
  publisher = {Chapman and Hall/CRC},
  address = {Boca Raton, Florida},
  year = {2015},
  edition = {2nd},
  note = {ISBN 978-1498716963},
  url = {https://yihui.org/knitr/},
}
@Book{R-lattice,
  title = {Lattice: Multivariate Data Visualization with R},
  author = {Deepayan Sarkar},
  publisher = {Springer},
  address = {New York},
  year = {2008},
  note = {ISBN 978-0-387-75968-5},
  url = {http://lmdvr.r-forge.r-project.org},
}
@Article{R-lme4,
  title = {Fitting Linear Mixed-Effects Models Using {lme4}},
  author = {Douglas Bates and Martin M{\"a}chler and Ben Bolker and Steve Walker},
  journal = {Journal of Statistical Software},
  year = {2015},
  volume = {67},
  number = {1},
  pages = {1--48},
  doi = {10.18637/jss.v067.i01},
}
@Article{R-ltm,
  title = {ltm: An R package for Latent Variable Modelling and Item Response Theory Analyses},
  author = {Dimitris Rizopoulos},
  journal = {Journal of Statistical Software},
  year = {2006},
  volume = {17},
  number = {5},
  pages = {1--25},
  url = {http://www.jstatsoft.org/v17/i05/},
}
@Book{R-MASS,
  title = {Modern Applied Statistics with S},
  author = {W. N. Venables and B. D. Ripley},
  publisher = {Springer},
  edition = {Fourth},
  address = {New York},
  year = {2002},
  note = {ISBN 0-387-95457-0},
  url = {https://www.stats.ox.ac.uk/pub/MASS4/},
}
@Manual{R-Matrix,
  title = {Matrix: Sparse and Dense Matrix Classes and Methods},
  author = {Douglas Bates and Martin Maechler},
  year = {2021},
  note = {R package version 1.3-3},
  url = {https://CRAN.R-project.org/package=Matrix},
}
@Article{R-mice,
  title = {{mice}: Multivariate Imputation by Chained Equations in R},
  author = {Stef {van Buuren} and Karin Groothuis-Oudshoorn},
  journal = {Journal of Statistical Software},
  year = {2011},
  volume = {45},
  number = {3},
  pages = {1-67},
  url = {https://www.jstatsoft.org/v45/i03/},
}
@Article{R-mirt,
  title = {{mirt}: A Multidimensional Item Response Theory Package for the {R} Environment},
  author = {R. Philip Chalmers},
  journal = {Journal of Statistical Software},
  year = {2012},
  volume = {48},
  number = {6},
  pages = {1--29},
  doi = {10.18637/jss.v048.i06},
}
@Article{R-msm,
  title = {Multi-State Models for Panel Data: The {msm} Package for {R}},
  author = {Christopher H. Jackson},
  journal = {Journal of Statistical Software},
  year = {2011},
  volume = {38},
  number = {8},
  pages = {1--29},
  url = {https://www.jstatsoft.org/v38/i08/},
}
@Article{R-MVN,
  title = {MVN: An R Package for Assessing Multivariate Normality.},
  author = {Selcuk Korkmaz and Dincer Goksuluk and Gokmen Zararsiz},
  journal = {The R Journal},
  year = {2014},
  volume = {6},
  number = {2},
  pages = {151--162},
  url = {https://journal.r-project.org/archive/2014-2/korkmaz-goksuluk-zararsiz.pdf},
}
@Article{R-PerFit,
  title = {{PerFit}: An {R} Package for Person-Fit Analysis in {IRT}},
  author = {Jorge N. Tendeiro and Rob R. Meijer and A. Susan M. Niessen},
  journal = {Journal of Statistical Software},
  year = {2016},
  volume = {74},
  number = {5},
  pages = {1--27},
  doi = {10.18637/jss.v074.i05},
}
@Manual{R-polycor,
  title = {polycor: Polychoric and Polyserial Correlations},
  author = {John Fox},
  year = {2019},
  note = {R package version 0.7-10},
  url = {https://CRAN.R-project.org/package=polycor},
}
@Manual{R-psych,
  title = {psych: Procedures for Psychological, Psychometric, and Personality Research},
  author = {William Revelle},
  organization = { Northwestern University},
  address = { Evanston, Illinois},
  year = {2021},
  note = {R package version 2.1.9},
  url = {https://CRAN.R-project.org/package=psych},
}
@Manual{R-pwr,
  title = {pwr: Basic Functions for Power Analysis},
  author = {Stephane Champely},
  year = {2020},
  note = {R package version 1.3-0},
  url = {https://CRAN.R-project.org/package=pwr},
}
@Article{R-quanteda.textstats,
  title = {quanteda: An R package for the quantitative analysis of textual data},
  journal = {Journal of Open Source Software},
  author = {Kenneth Benoit and Kohei Watanabe and Haiyan Wang and Paul Nulty and Adam Obeng and Stefan Müller and Akitaka Matsuo},
  doi = {10.21105/joss.00774},
  url = {https://quanteda.io},
  volume = {3},
  number = {30},
  pages = {774},
  year = {2018},
}
@Manual{R-semTools,
  title = {\texttt{semTools}: {U}seful tools for structural equation modeling},
  author = {Terrence D. Jorgensen and Sunthud Pornprasertmanit and Alexander M. Schoemann and Yves Rosseel},
  year = {2021},
  note = {R package version 0.5-5},
  url = {https://CRAN.R-project.org/package=semTools},
}
@Article{R-lmerTest,
  title = {{lmerTest} Package: Tests in Linear Mixed Effects Models},
  author = {Alexandra Kuznetsova and Per B. Brockhoff and Rune H. B. Christensen},
  journal = {Journal of Statistical Software},
  year = {2017},
  volume = {82},
  number = {13},
  pages = {1--26},
  doi = {10.18637/jss.v082.i13},
}
@Manual{R-tinylabels,
  title = {{tinylabels}: Lightweight Variable Labels},
  author = {Marius Barth},
  year = {2021},
  note = {R package version 0.2.1},
  url = {https://github.com/mariusbarth/tinylabels},
}
@Manual{R-broom.mixed,
  title = {broom.mixed: Tidying Methods for Mixed Models},
  author = {Ben Bolker and David Robinson},
  year = {2021},
  note = {R package version 0.2.7},
  url = {https://CRAN.R-project.org/package=broom.mixed},
}
@Manual{R-shiny,
  title = {shiny: Web Application Framework for R},
  author = {Winston Chang and Joe Cheng and JJ Allaire and Carson Sievert and Barret Schloerke and Yihui Xie and Jeff Allen and Jonathan McPherson and Alan Dipert and Barbara Borges},
  year = {2021},
  note = {R package version 1.7.1},
  url = {https://CRAN.R-project.org/package=shiny},
}
